<?xml version="1.0" encoding="UTF-8"?>
<marc21:record xmlns:marc21="http://www.loc.gov/MARC21/slim" xmlns:xsi="http://www.w3.org/2001/XMLSchema-instance" xsi:schemaLocation="http://www.loc.gov/MARC21/slim http://www.loc.gov/standards/marcxml/schema/MARC21slim.xsd">
   <marc21:leader>00000nimaa  000005ak4500</marc21:leader>
   <marc21:controlfield tag="008">000000|19601979xx|||||||||||||||||d</marc21:controlfield>
   <marc21:datafield ind1=" " ind2=" " tag="035">
      <marc21:subfield code="a">(DSI-AAA)16012</marc21:subfield>
   </marc21:datafield>
   <marc21:datafield ind1=" " ind2=" " tag="040">
      <marc21:subfield code="a">DSI-AAA</marc21:subfield>
      <marc21:subfield code="e">aacr</marc21:subfield>
   </marc21:datafield>
   <marc21:datafield ind1=" " ind2=" " tag="098">
      <marc21:subfield code="a">Archives of American Art</marc21:subfield>
      <marc21:subfield code="b">AAA</marc21:subfield>
   </marc21:datafield>
   <marc21:datafield ind1="1" ind2="0" tag="245">
      <marc21:subfield code="a">Unidentified man reciting speech from &lt;em&gt;Macbeth&lt;/em&gt;</marc21:subfield>
   </marc21:datafield>
   <marc21:datafield ind1=" " ind2=" " tag="260">
      <marc21:subfield code="c">between 1960s and 1970s</marc21:subfield>
   </marc21:datafield>
   <marc21:datafield ind1=" " ind2=" " tag="300">
      <marc21:subfield code="a">2 sound discs (lacquer)</marc21:subfield>
      <marc21:subfield code="b">analog, 78 rpm ; 6 in.</marc21:subfield>
      <marc21:subfield code="c" />
   </marc21:datafield>
   <marc21:datafield ind1=" " ind2=" " tag="520">
      <marc21:subfield code="a">Two discs, each with a recording of the same man reciting the same speech from Shakespeare's &lt;em&gt;Macbeth&lt;/em&gt; (Act 5, Scene 5, lines 17-28, ending with the line "It is a tale / Told by an idiot, full of sound and fury / Signifying nothing"), with other people singing and laughing in the background. &lt;br&gt;Although the same speech is repeated on each disc, minor differences indicate that it was recorded two separate times and that the discs are not copies of one another. &lt;br&gt;Date is based on the type of disc, labeled "Voice-o-graph", which was a format used in Voice-o-graph booths where a person could record themselves after inserting a fee, in use between the 1940s and the 1970s (earliest item in this collection dates to 1960). &lt;br&gt;Poor recording quality on disc. Over modulated throughout recording.</marc21:subfield>
   </marc21:datafield>
   <marc21:datafield ind1=" " ind2=" " tag="561">
      <marc21:subfield code="a" />
   </marc21:datafield>
   <marc21:datafield ind1=" " ind2=" " tag="590">
      <marc21:subfield code="a" />
   </marc21:datafield>
   <marc21:datafield ind1=" " ind2="7" tag="600">
      <marc21:subfield code="a">Shakespeare, William</marc21:subfield>
      <marc21:subfield code="x" />
      <marc21:subfield code="2" />
   </marc21:datafield>
   <marc21:datafield ind1=" " ind2="7" tag="655">
      <marc21:subfield code="a">Sound Recording</marc21:subfield>
      <marc21:subfield code="x" />
      <marc21:subfield code="2">AAA</marc21:subfield>
   </marc21:datafield>
   <marc21:datafield ind1=" " ind2=" " tag="773">
      <marc21:subfield code="t">Tom Blackwell papers</marc21:subfield>
      <marc21:subfield code="d">1960-2009</marc21:subfield>
   </marc21:datafield>
   <marc21:datafield ind1=" " ind2=" " tag="852">
      <marc21:subfield code="a">Archives of American Art, Smithsonian Institution</marc21:subfield>
      <marc21:subfield code="e">Washington, D.C. 20560</marc21:subfield>
   </marc21:datafield>
   <marc21:datafield ind1="4" ind2=" " tag="856">
      <marc21:subfield code="3">Record Link</marc21:subfield>
      <marc21:subfield code="u">http://www.aaa.si.edu/collections/items/detail/unidentified-man-reciting-speech-macbeth-16012</marc21:subfield>
   </marc21:datafield>
</marc21:record>

